@book{bjorck1996numerical,
  title={Numerical methods for least squares problems},
  author={Bj{\"o}rck, Ake},
  year={1996},
  publisher={Siam}
},
@techreport{AN3182ApplicationNote,
	title={Tilt measurement using a low-g 3-axis accelerometer},
	author={STMicroelectronics},
    institution={STMicroelectronics},
    year={2015},
    month={September}
},
@techreport{Lab2report,
	title={Microprocessor Systems - Lab 2 Report - Sensor Data Acquisition, Digitizing, Filtering, and Digital I/O},
	author={A. Lalande, F. Dube, J. Morency Trudel},
    institution={McGill University},
    year={2016},
    month={March}
}
