@article{PWMLED,
    title={Dimming LEDs with pulse-width modulation},
    url={http://www.eetimes.com/document.asp?doc_id=1281013&},
    journal={EETimes},
    author={Szolusha, Keith and Linear Technology Corp.},
    year={2013},
    month={Jan}},
@inbook{BLEGATT,
    title={GATT (Services and Characteristics)},
    booktitle={Getting Started with Bluetooth Low Energy},
    publisher={O'Reilly Media, Inc},
    author={Davidson, Robert and Akiba and Cuf√≠, Carles and Townsend, Kevin},
    year={2014}},
@article{SPIprotocol,
    title={ST SPI protocol},
    author={STMicroelectronics},
    year={2013}}
@techreport{Lab2report,
    title={Microprocessor Systems - Lab 2 Report - Sensor Data Acquisition, Digitizing, Filtering, and Digital I/O},
    author={A. Lalande, F. Dube, J. Morency Trudel},
    institution={McGill University},
    year={2016},
    month={February}
},
@techreport{Lab4report,
    title={Microprocessor Systems - Lab 4 Report - Real Time Operating System},
    author={A. Lalande, F. Dube, J. Morency Trudel},
    institution={McGill University},
    year={2016},
    month={March}
}