@book{kuo1995active,
  title={Active noise control systems: algorithms and DSP implementations},
  author={Kuo, Sen M and Morgan, Dennis},
  year={1995},
  publisher={John Wiley \& Sons, Inc.}
},

@article{kalman1960new,
  title={A new approach to linear filtering and prediction problems},
  author={Kalman, Rudolph Emil},
  journal={Journal of basic Engineering},
  volume={82},
  number={1},
  pages={35--45},
  year={1960},
  publisher={American Society of Mechanical Engineers}
},

@article{kish2000noise,
  title={Noise in nanotechnology},
  author={Kish, LB and Granqvist, CG},
  journal={Microelectronics Reliability},
  volume={40},
  number={11},
  pages={1833--1837},
  year={2000},
  publisher={Elsevier}
},

@techreport{STM32F407xx,
	title={STM32F405xx, STM32F407xx datasheet},
	author={STMicroelectronics},
    institution={STMicroelectronics},
    year={2013},
    month={June}
},

@techreport{STMCubeDatasheet,
	title={Description of STM32F4xx HAL drivers},
	author={STMicroelectronics},
    institution={STMicroelectronics},
    year={2015},
    month={September}
},


